@book{pedrotti,
    author = {Pedrotti · Pedrotti · Bausch · Schmidt},
    title = {Optik für Ingenieure},
    isbn = {978-3-540-22813-6},
    year = {2002},
    publisher = {Springer},
    keywords = {optics}
}

@book{digital_image_processing,
    author = {Gonzalez · Woods},
    title = {Digital Image Processing},
    isbn = {9780134734804},
    year = {2018},
    publisher = {Pearson}
}

@article{lidar_overview,
	author = {Royo, Santiago and Ballesta-Garcia, Maria},
	year = {2019},
	month = {9},
	pages = {},
	title = {An Overview of Lidar Imaging Systems for Autonomous Vehicles},
	volume = {9},
	journal = {Applied Sciences},
	doi = {}
}

@manual{osram_spl_ds90a_3,
	organization = {Osram},
    title = {Nanostack Pulsed Laser Diode},
    edition = {SPL DS90A 3},
    year = {2019},
    month = {4},    
    note = {Rev. 1.2}
}

@manual{osram_spl_ds90a_3_operating,
	organization = {Osram},
    title = {Operating the pulsed laser diode SPL LL90 3},
    edition = {No. AN105},
    year = {2018},
    month = {11},    
    note = {}
}

@manual{osram_tof_measurement,
	organization = {Osram},
    title = {Time-of-flight (ToF) measurement using pulse lasers},
    edition = {No. AN106},
    year = {2018},
    month = {11},    
    note = {}
}

@manual{iDS_camera,
	organization = {iDS},
    title = {NIR CMOS-Sensor},
    edition = {UI-1240ML-NIR-GL},
    year = {2020},
    month = {4}
}

@manual{power_meter,
	organization = {Thorlabs},
    title = {Optical Power and Energy Meter},
    edition = {PM100D},
    year = {2017},
    month = {09},
    note = {17654-D02 REV H}
}

@manual{power_head,
	organization = {Thorlabs},
    title = {Compact Photodiode Power Head with Silicon Detector},
    edition = {S121C},
    year = {2008},
    month = {10},
    note = {Doc 18358-S01.doc Rev A}
}

@manual{ir_led,
	organization = {Thorlabs},
    title = {LED with Ball Lens},
    edition = {AlGaAs, TO‐18},
    year = {2019},
    month = {5},
    note = {QTN021730-S01, Rev B}
}

@manual{sipm,
	organization = {ON Semiconductor},
    title = {RB-Series SiPM Sensors},
    edition = {RB-Serie},
    year = {2019},
    month = {5},
    note = {Rev. 5}
}

@MISC{DIN_EN_laser_safety,
   type = {Norm},
   key = {DIN EN 60825-1},
   number = {DIN EN 6082},
   month = may,
   year = {2014},
   title = {International Laser Safety Standard DIN EN 60825-1}
}

@manual{sipm_introduction,
	organization = {FirstSensor},
    title = {Introduction to silicon photomultipliers},
    edition = {White Paper},
    year = {2015},
    month = {12},    
    note = {}
}

@phdthesis{sipm_eckert,
    title    = {Advanced Silicon-Photomultiplier Characterization for Calorimetric Applications},
    school   = {Rurprecht-Karls-Universtät Heidelberg},
    author   = {Eckert, Patrick},
    year     = {2010}
}

@techreport{sipm_hamamatsu,
  author = {Ghassemi, Sato, Kobayashi},
  title = {MPPC},
  institution = {Hamamatsu},
  year = {2017},
  number = {},
  type = {}
}

@ARTICLE{semicon_for_detectors,
  author={T. {Pearsall}},
  journal={IEEE Journal of Quantum Electronics}, 
  title={Ga0.47In0.53As: A ternary semiconductor for photodetector applications}, 
  year={1980},
  volume={16},
  number={7},
  pages={}
}